<record><leader>00000cas a2200000   4500</leader><controlfield tag="001">6172784</controlfield><controlfield tag="008">800407c19uu9999miuwr ne      0   a0eng d</controlfield><datafield ind1=" " ind2=" " tag="010"><subfield code="a">sn 83004268 </subfield></datafield><datafield ind1=" " ind2=" " tag="040"><subfield code="a">EZC</subfield><subfield code="b">eng</subfield><subfield code="c">EZC</subfield><subfield code="d">NSD</subfield><subfield code="d">OCL</subfield><subfield code="d">OCLCQ</subfield><subfield code="d">EXG</subfield><subfield code="d">OCLCO</subfield><subfield code="d">OCLCF</subfield><subfield code="d">OCL</subfield></datafield><datafield ind1=" " ind2=" " tag="012"><subfield code="l">1</subfield><subfield code="m">1</subfield></datafield><datafield ind1="1" ind2=" " tag="022"><subfield code="a">0471-1688</subfield><subfield code="l">0471-1688</subfield><subfield code="2">1</subfield></datafield><datafield ind1=" " ind2=" " tag="032"><subfield code="a">403540</subfield><subfield code="b">USPS</subfield></datafield><datafield ind1=" " ind2=" " tag="037"><subfield code="b">Official Michigan, 3838 State St., Bridgeport, MI 48722</subfield></datafield><datafield ind1=" " ind2=" " tag="042"><subfield code="a">nsdp</subfield></datafield><datafield ind1=" " ind2="0" tag="222"><subfield code="a">Official Michigan</subfield></datafield><datafield ind1="0" ind2="0" tag="245"><subfield code="a">Official Michigan.</subfield></datafield><datafield ind1=" " ind2=" " tag="260"><subfield code="a">[Bridgeport, Mich.,</subfield><subfield code="b">Official Mich.]</subfield></datafield><datafield ind1=" " ind2=" " tag="310"><subfield code="a">Weekly</subfield></datafield><datafield ind1=" " ind2=" " tag="500"><subfield code="a">"Serving Michigan officialdom in court and local government."</subfield></datafield><datafield ind1=" " ind2=" " tag="500"><subfield code="a">Emmett Robinson, Executive editor.</subfield></datafield><datafield ind1=" " ind2="0" tag="651"><subfield code="a">Michigan</subfield><subfield code="x">Politics and government</subfield><subfield code="v">Periodicals.</subfield></datafield><datafield ind1=" " ind2="7" tag="650"><subfield code="a">Politics and government</subfield><subfield code="2">fast</subfield><subfield code="0">(OCoLC)fst01919741</subfield></datafield><datafield ind1=" " ind2="7" tag="651"><subfield code="a">Michigan.</subfield><subfield code="2">fast</subfield><subfield code="0">(OCoLC)fst01208387</subfield></datafield><datafield ind1=" " ind2="7" tag="655"><subfield code="a">Periodicals.</subfield><subfield code="2">fast</subfield><subfield code="0">(OCoLC)fst01411641</subfield></datafield><datafield ind1=" " ind2=" " tag="936"><subfield code="a">June 13, 1983</subfield></datafield></record>